<record><leader>01208nas a22003251a 4500</leader><controlfield tag="001">000495031</controlfield><controlfield tag="003">MiAaHDL</controlfield><controlfield tag="005">20210817000000.0</controlfield><controlfield tag="006">m        d        </controlfield><controlfield tag="007">cr bn ---auaua</controlfield><controlfield tag="008">880718d19481950dcubr p      f0uuua0eng d</controlfield><datafield tag="010" ind1=" " ind2=" "><subfield code="a">88647296</subfield></datafield><datafield tag="035" ind1=" " ind2=" "><subfield code="a">(MiU)990004950310106381</subfield></datafield><datafield tag="035" ind1=" " ind2=" "><subfield code="a">sdr-miu.990004950310106381</subfield></datafield><datafield tag="035" ind1=" " ind2=" "><subfield code="a">(OCoLC)12384897</subfield></datafield><datafield tag="035" ind1=" " ind2=" "><subfield code="a">(CaOTULAS)160145114</subfield></datafield><datafield tag="035" ind1=" " ind2=" "><subfield code="a">(RLIN)MIUG15665-S</subfield></datafield><datafield tag="035" ind1=" " ind2=" "><subfield code="z">(MiU)Aleph000495031</subfield></datafield><datafield tag="040" ind1=" " ind2=" "><subfield code="a">SAU</subfield><subfield code="c">SAU</subfield><subfield code="d">NSD</subfield><subfield code="d">DLC</subfield></datafield><datafield tag="042" ind1=" " ind2=" "><subfield code="a">lc</subfield></datafield><datafield tag="050" ind1="0" ind2="0"><subfield code="a">UG1</subfield><subfield code="b">.M65</subfield></datafield><datafield tag="245" ind1="0" ind2="0"><subfield code="a">Military signals /</subfield><subfield code="c">the Armed Forces Communications Association.</subfield></datafield><datafield tag="246" ind1="1" ind2="7"><subfield code="a">Signals</subfield></datafield><datafield tag="260" ind1=" " ind2=" "><subfield code="a">[Washington, D.C.] :</subfield><subfield code="b">The Association,</subfield><subfield code="c">[c1948-c1950]</subfield></datafield><datafield tag="300" ind1=" " ind2=" "><subfield code="a">3 v. :</subfield><subfield code="b">ill. ;</subfield><subfield code="c">30 cm.</subfield></datafield><datafield tag="310" ind1=" " ind2=" "><subfield code="a">Bimonthly</subfield></datafield><datafield tag="362" ind1="0" ind2=" "><subfield code="a">Vol. 2, no. 3 (Jan.-Feb. 1948)-v. 4, no. 3 (Jan.-Feb. 1950).</subfield></datafield><datafield tag="500" ind1=" " ind2=" "><subfield code="a">Title from cover.</subfield></datafield><datafield tag="538" ind1=" " ind2=" "><subfield code="a">Mode of access: Internet.</subfield></datafield><datafield tag="650" ind1=" " ind2="0"><subfield code="a">Military telecommunication</subfield><subfield code="v">Periodicals.</subfield></datafield><datafield tag="650" ind1=" " ind2="0"><subfield code="a">Communications, Military</subfield><subfield code="v">Periodicals.</subfield></datafield><datafield tag="650" ind1=" " ind2="0"><subfield code="a">Signals and signaling</subfield><subfield code="v">Periodicals.</subfield></datafield><datafield tag="710" ind1="2" ind2=" "><subfield code="a">Armed Forces Communications Association.</subfield></datafield><datafield tag="780" ind1="0" ind2="0"><subfield code="t">Signals (Washington, D.C. : 1946)</subfield><subfield code="w">(DLC) 88647290</subfield><subfield code="w">(OCoLC)18364992</subfield></datafield><datafield tag="785" ind1="0" ind2="0"><subfield code="t">Signals (Washington, D.C. : 1950)</subfield><subfield code="x">0037-4938</subfield><subfield code="w">(DLC) 50028682</subfield><subfield code="w">(OCoLC)1353952</subfield></datafield><datafield tag="CID" ind1=" " ind2=" "><subfield code="a">000495031</subfield></datafield><datafield tag="DAT" ind1="0" ind2=" "><subfield code="a">20030829000000.0</subfield><subfield code="b">20210817000000.0</subfield></datafield><datafield tag="DAT" ind1="1" ind2=" "><subfield code="a">20210929183102.0</subfield><subfield code="b">2022-03-23T17:42:47Z</subfield></datafield><datafield tag="CAT" ind1=" " ind2=" "><subfield code="a">SDR-MIU</subfield><subfield code="d">ALMA</subfield><subfield code="l">prepare.pl-004-008</subfield></datafield><datafield tag="FMT" ind1=" " ind2=" "><subfield code="a">SE</subfield></datafield><datafield tag="HOL" ind1=" " ind2=" "><subfield code="0">sdr-miu.990004950310106381</subfield><subfield code="a">MiU</subfield><subfield code="b">SDR</subfield><subfield code="c">MIU</subfield><subfield code="p">mdp.39015062147791</subfield><subfield code="s">MIU</subfield><subfield code="z">v.3 no.2 - v.5 no.2 1948-1950</subfield><subfield code="1">990004950310106381</subfield></datafield><datafield tag="974" ind1=" " ind2=" "><subfield code="b">MIU</subfield><subfield code="c">MIU</subfield><subfield code="d">20220323</subfield><subfield code="s">google</subfield><subfield code="u">mdp.39015062147791</subfield><subfield code="z">v.3 no.2 - v.5 no.2 1948-1950</subfield><subfield code="y">1950</subfield><subfield code="r">ic</subfield><subfield code="q">bib</subfield><subfield code="t">US fed doc--armed forces comm assoc: pubdate &gt;= 1927</subfield></datafield></record>